@article{zadeh1965fuzzy,
  title={Fuzzy sets},
  author={Zadeh, Lotfi A and others},
  journal={Information and control},
  volume={8},
  number={3},
  pages={338--353},
  year={1965},
  publisher={8}
}

@article{mendel2002type,
  title={Type-2 fuzzy sets made simple},
  author={Mendel, Jerry M and John, RI Bob},
  journal={IEEE Transactions on fuzzy systems},
  volume={10},
  number={2},
  pages={117--127},
  year={2002},
  publisher={IEEE}
}

@article{rosenblatt1958perceptron,
  title={The perceptron: a probabilistic model for information storage and organization in the brain.},
  author={Rosenblatt, Frank},
  journal={Psychological review},
  volume={65},
  number={6},
  pages={386},
  year={1958},
  publisher={American Psychological Association}
}

@article{ben2001support,
  title={Support vector clustering},
  author={Ben-Hur, Asa and Horn, David and Siegelmann, Hava T and Vapnik, Vladimir},
  journal={Journal of machine learning research},
  volume={2},
  number={Dec},
  pages={125--137},
  year={2001}
}

